<?xml version="1.0" encoding="UTF-8"?><collection xmlns="http://www.loc.gov/MARC21/slim"><record><leader>00538nam--2200193-u-4500</leader><controlfield tag="001">000052964</controlfield><controlfield tag="002">20161230</controlfield><controlfield tag="005">20161230201050</controlfield><controlfield tag="008">101216s1000------------r-----000-0-rus-d</controlfield><datafield ind1=" " ind2=" " tag="040"><subfield code="a">IFIN-HH</subfield></datafield><datafield ind1=" " ind2=" " tag="041"><subfield code="a">rus</subfield></datafield><datafield ind1=" " ind2=" " tag="080"><subfield code="a">535.334</subfield></datafield><datafield ind1="1" ind2=" " tag="100"><subfield code="a">Macomber, James D</subfield></datafield><datafield ind1="1" ind2="0" tag="245"><subfield code="a">Dinamika spektroskopiceskih perejodov</subfield><subfield code="c">James d. macomber</subfield></datafield><datafield ind1=" " ind2=" " tag="260"><subfield code="a">Moskva</subfield><subfield code="b">Mir</subfield><subfield code="c">1979</subfield></datafield><datafield ind1=" " ind2=" " tag="300"><subfield code="a">347P</subfield></datafield><datafield ind1=" " ind2=" " tag="500"><subfield code="a">Titlul original in limba engleza: THE DYNAMICS OF SPETROSCOPIC TRANSITIONS</subfield></datafield><datafield ind1=" " ind2=" " tag="852"><subfield code="a">48594</subfield><subfield code="c">535.33</subfield></datafield><datafield ind1=" " ind2=" " tag="CAT"><subfield code="a">Sys</subfield><subfield code="c">20101216</subfield><subfield code="h">124528</subfield></datafield></record></collection>